<record><leader>00000cas a22000007a 4500</leader><controlfield tag="001">12486986</controlfield><controlfield tag="008">850904d19311931utudn ne      0    0eng d</controlfield><datafield ind1=" " ind2=" " tag="010"><subfield code="a">sn 85058236 </subfield></datafield><datafield ind1=" " ind2=" " tag="040"><subfield code="a">UNP</subfield><subfield code="b">eng</subfield><subfield code="c">UNP</subfield><subfield code="d">OCLCQ</subfield></datafield><datafield ind1=" " ind2=" " tag="042"><subfield code="a">msc</subfield></datafield><datafield ind1="0" ind2="0" tag="245"><subfield code="a">Daily herald and journal.</subfield></datafield><datafield ind1="1" ind2="7" tag="246"><subfield code="a">Daily herald and the journal</subfield></datafield><datafield ind1=" " ind2=" " tag="260"><subfield code="a">Logan, Utah :</subfield><subfield code="b">Cache Valley Newspaper Co.,</subfield><subfield code="c">1931.</subfield></datafield><datafield ind1=" " ind2=" " tag="300"><subfield code="a">1 v. :</subfield><subfield code="b">ill. ;</subfield><subfield code="c">56 cm.</subfield></datafield><datafield ind1=" " ind2=" " tag="310"><subfield code="a">Daily (except Sat. and legal holidays)</subfield></datafield><datafield ind1="0" ind2=" " tag="362"><subfield code="a">Vol. 22, no. 179 (Aug. 2, 1931)-v. 22, no. 181 (Aug. 4, 1931).</subfield></datafield><datafield ind1=" " ind2=" " tag="580"><subfield code="a">Formed by merger of: Cache Valley daily herald, and: Journal (Logan, Utah), and continues numbering of the former.</subfield></datafield><datafield ind1=" " ind2=" " tag="752"><subfield code="a">United States</subfield><subfield code="b">Utah</subfield><subfield code="d">Cache</subfield><subfield code="d">Logan.</subfield></datafield><datafield ind1="1" ind2="4" tag="780"><subfield code="t">Cache Valley daily herald</subfield><subfield code="w">(DLC)sn 85058235</subfield><subfield code="w">(OCoLC)12486976</subfield></datafield><datafield ind1="1" ind2="4" tag="780"><subfield code="t">Journal (Logan, Utah)</subfield><subfield code="w">(DLC)sn 85058242</subfield><subfield code="w">(OCoLC)12546181</subfield></datafield><datafield ind1="0" ind2="0" tag="785"><subfield code="t">Herald-journal</subfield><subfield code="w">(DLC)sn 85058243</subfield><subfield code="w">(OCoLC)12546157</subfield></datafield></record>